<record><leader>00000cas a2200000 a 4500</leader><controlfield tag="001">10379685</controlfield><controlfield tag="007">hd afv---baca</controlfield><controlfield tag="008">840206d18361843ohuwx nea     0    0eng d</controlfield><datafield ind1=" " ind2=" " tag="010"><subfield code="a">sf 89091878 </subfield><subfield code="z">sn 84005844 </subfield></datafield><datafield ind1=" " ind2=" " tag="040"><subfield code="a">PES</subfield><subfield code="b">eng</subfield><subfield code="c">PES</subfield><subfield code="d">NSD</subfield><subfield code="d">PES</subfield><subfield code="d">DLC</subfield><subfield code="d">NST</subfield><subfield code="d">FUG</subfield><subfield code="d">OCL</subfield><subfield code="d">OCLCQ</subfield><subfield code="d">OCLCG</subfield><subfield code="d">BUF</subfield><subfield code="d">OCLCF</subfield><subfield code="d">OCLCO</subfield></datafield><datafield ind1=" " ind2=" " tag="012"><subfield code="i">8906</subfield></datafield><datafield ind1="1" ind2=" " tag="029"><subfield code="a">AU@</subfield><subfield code="b">000020128793</subfield></datafield><datafield ind1=" " ind2=" " tag="042"><subfield code="a">msc</subfield></datafield><datafield ind1=" " ind2=" " tag="043"><subfield code="a">n-us-oh</subfield></datafield><datafield ind1="0" ind2="0" tag="050"><subfield code="a">Microfilm 01104 no. 1409-1411 AP</subfield></datafield><datafield ind1="1" ind2="4" tag="050"><subfield code="a">AP2</subfield><subfield code="b">.A64</subfield></datafield><datafield ind1=" " ind2=" " tag="092"><subfield code="a">051</subfield><subfield code="b">A51p2</subfield></datafield><datafield ind1="0" ind2=" " tag="130"><subfield code="a">Philanthropist (New Richmond, Ohio : 1836)</subfield></datafield><datafield ind1="0" ind2="4" tag="245"><subfield code="a">The philanthropist</subfield><subfield code="h">[microform].</subfield></datafield><datafield ind1=" " ind2=" " tag="260"><subfield code="a">New Richmond, Ohio :</subfield><subfield code="b">James G. Birney,</subfield><subfield code="c">1836-1843.</subfield></datafield><datafield ind1=" " ind2=" " tag="300"><subfield code="a">8 v. ;</subfield><subfield code="c">53-67 cm.</subfield></datafield><datafield ind1=" " ind2=" " tag="310"><subfield code="a">Weekly (irregular)</subfield></datafield><datafield ind1="0" ind2=" " tag="362"><subfield code="a">Vol. 1, no. 1 (Jan. 1, 1836)-v. 8, no. 4 (Oct. 11, 1843).</subfield></datafield><datafield ind1=" " ind2=" " tag="500"><subfield code="a">Title from caption.</subfield></datafield><datafield ind1=" " ind2=" " tag="500"><subfield code="a">Published at New Richmond, Ohio: Jan. 1-29, Feb. 12-Apr. 8, 1836; published at Cincinnati, Ohio: Feb. 5, Apr. 15, 1836-1843.</subfield></datafield><datafield ind1=" " ind2=" " tag="500"><subfield code="a">Publishers: J.G. Birney, Jan. 1-May &lt;6&gt;, 1836; Ohio State Anti-Slavery Society, May &lt;20&gt;, 1836-June 29, 1842; Wm. Birney, July 9-16, 1842; G. Bailey, June 23, 1842-1843.</subfield></datafield><datafield ind1=" " ind2=" " tag="515"><subfield code="a">No issues published between Aug. 5 and Sept. 30, 1836.</subfield></datafield><datafield ind1=" " ind2=" " tag="515"><subfield code="a">A n.s. designation, v. 1, no. 1 begins Jan. 9(?), 1838 and carries through part of 1840, at which time numbering reverts to dating from the 1836 starting date.</subfield></datafield><datafield ind1=" " ind2=" " tag="550"><subfield code="a">"Organ of ... Ohio Liberty Party, and of the Ohio Ladies' Education Society", July 9, 1842.</subfield></datafield><datafield ind1=" " ind2=" " tag="533"><subfield code="a">Microfilm.</subfield><subfield code="b">Ann Arbor, Mich. :</subfield><subfield code="c">Xerox University Microfilms,</subfield><subfield code="d">1974.</subfield><subfield code="e">3 microfilm reels ; 35 mm.</subfield><subfield code="f">(American periodical series, 1800-1850 ; 1409-1411).</subfield></datafield><datafield ind1=" " ind2="0" tag="651"><subfield code="a">New Richmond (Ohio)</subfield><subfield code="v">Newspapers.</subfield></datafield><datafield ind1=" " ind2="0" tag="651"><subfield code="a">Clermont County (Ohio)</subfield><subfield code="v">Newspapers.</subfield></datafield><datafield ind1=" " ind2="0" tag="651"><subfield code="a">Cincinnati (Ohio)</subfield><subfield code="v">Newspapers.</subfield></datafield><datafield ind1=" " ind2="0" tag="651"><subfield code="a">Hamilton County (Ohio)</subfield><subfield code="v">Newspapers.</subfield></datafield><datafield ind1=" " ind2="7" tag="655"><subfield code="a">Newspapers.</subfield><subfield code="2">fast</subfield><subfield code="0">(OCoLC)fst01423814</subfield></datafield><datafield ind1=" " ind2="7" tag="651"><subfield code="a">Ohio</subfield><subfield code="z">Cincinnati.</subfield><subfield code="2">fast</subfield><subfield code="0">(OCoLC)fst01205142</subfield></datafield><datafield ind1=" " ind2="7" tag="651"><subfield code="a">Ohio</subfield><subfield code="z">Clermont County.</subfield><subfield code="2">fast</subfield><subfield code="0">(OCoLC)fst01208058</subfield></datafield><datafield ind1=" " ind2="7" tag="651"><subfield code="a">Ohio</subfield><subfield code="z">Hamilton County.</subfield><subfield code="2">fast</subfield><subfield code="0">(OCoLC)fst01205597</subfield></datafield><datafield ind1=" " ind2="7" tag="651"><subfield code="a">Ohio</subfield><subfield code="z">New Richmond.</subfield><subfield code="2">fast</subfield><subfield code="0">(OCoLC)fst01239269</subfield></datafield><datafield ind1="1" ind2=" " tag="700"><subfield code="a">Birney, James Gillespie,</subfield><subfield code="d">1792-1857.</subfield></datafield><datafield ind1="2" ind2=" " tag="710"><subfield code="a">Ohio Anti-slavery Society.</subfield></datafield><datafield ind1=" " ind2=" " tag="752"><subfield code="a">United States</subfield><subfield code="b">Ohio</subfield><subfield code="c">Clermont</subfield><subfield code="d">New Richmond.</subfield></datafield><datafield ind1=" " ind2=" " tag="752"><subfield code="a">United States</subfield><subfield code="b">Ohio</subfield><subfield code="c">Hamilton</subfield><subfield code="d">Cincinnati.</subfield></datafield><datafield ind1="1" ind2=" " tag="776"><subfield code="c">Original</subfield><subfield code="w">(DLC)sn 83035430</subfield><subfield code="w">(OCoLC)9851050</subfield></datafield><datafield ind1="0" ind2="0" tag="785"><subfield code="t">Cincinnati weekly herald and philanthropist</subfield><subfield code="w">(DLC)sf 89091879</subfield><subfield code="w">(OCoLC)10379825</subfield></datafield><datafield ind1=" " ind2="0" tag="830"><subfield code="a">American periodical series, 1800-1850 ;</subfield><subfield code="v">1409-1411.</subfield></datafield><datafield ind1=" " ind2=" " tag="850"><subfield code="a">FU</subfield><subfield code="a">InLP</subfield><subfield code="a">MoU</subfield></datafield></record>